@article{fisman2006gender,
  title={Gender differences in mate selection: Evidence from a speed dating experiment},
  author={Fisman, Raymond and Iyengar, Sheena S and Kamenica, Emir and Simonson, Itamar},
  journal={The Quarterly Journal of Economics},
  volume={121},
  number={2},
  pages={673--697},
  year={2006},
  publisher={MIT Press}
}
